%%%%%-------Ejemplo de libro------%%%%%%%
@book{nombreLibro,
 title={Titulo del libro},
 author={ApellidoAutorUno, NombreAutorUno  and ApellidoDos, NombreDos and ApellidoTres, NombreTres},
 publisher={Editor - Pais},
 edition={Edición},
 year={Año},
 nationality={Paraguay}
}

@book{building_chat-bots-with-python,
 title={Building Chatbots with Python - Using Natural Language Processing and Machine Learning},
 author={Sumit Raj},
 publisher={Apress},
 edition={1st},
 year={2019},
 nationality={India}
}

@article{UniversityRelatedFAQS,
title={Chatbot for university related FAQs},
author={Ranoliya, Bhavika R. and Raghuwanshi, Nidhi and Singh, Sanjay},
journal={2017 International Conference on Advances in Computing, Communications and Informatics, ICACCI 2017},
year={2017},
volume={42017-January}, 
pages={1525--1530},
doi = {10.1109/ICACCI.2017.8126057},
isbn = {9781509063673}
}

@article{evaluating_quality,
  title={Evaluating quality of chatbots and intelligent conversational agents},
  author={Radziwill, Nicole M and Benton, Morgan C},
  journal={arXiv preprint arXiv:1704.04579},
  year={2017}
}

@inproceedings{Overview_of_chatbots,
address = {Cham},
author = {Adamopoulou, Eleni and Moussiades, Lefteris},
booktitle = {Artificial Intelligence Applications and Innovations},
editor = {Maglogiannis, Ilias and Iliadis, Lazaros and Pimenidis, Elias},
isbn = {978-3-030-49186-4},
pages = {373--383},
publisher = {Springer International Publishing},
title = {{An Overview of Chatbot Technology}},
year = {2020}
}

@online{Dialogflow,
title={Documentacion de DialogFlow | Google Cloud},
url={https://cloud.google.com/dialogflow/docs},
month={Marzo},
year={2022}
}
@article{IBMCloud2020,
author = {{IBM Cloud}},
journal = {IBM Cloud},
mendeley-groups = {Chatbot},
title = {{Watson Assistant}},
url = {https://cloud.ibm.com/catalog/services/watson-assistant},
year = {2020}
}
@online{IBM_Price,
title={IBM Watson Assisant | Pricing},
url={https://www.ibm.com/products/watson-assistant/pricing},
month={Marzo},
year={2022}
}
@online{Amazon_Lex,
title={Características de Amazon Lex: Amazon Web Services},
url={https://aws.amazon.com/es/lex/features/?nc=sn&loc=2},
month={Marzo},
year={2022}
}

@online{Rasa,
title={Rasa Open Source | Rasa},
url={https://rasa.com/open-source/},
month={Marzo},
year={2022}
}

@online{RasaPol,
title={Policies},
url={https://rasa.com/docs/rasa/policies/},
month={Marzo},
year={2022}
}

@online{Chatterbot,
title={About Chatterbot - ChatterBot 1.0.8 documentation},
url={https://chatterbot.readthedocs.io/en/stable/index.html},
month={Marzo},
year={2022}
}

@online{Introduction_to_Rasa,
title={Introduction to Rasa – Rasa Learning Center},
url={https://learning.rasa.com/conversational-ai-with-rasa/introduction-to-rasa/},
month={Abril},
year={2022}
}

@online{Glossary,
title={Rasa Glossary},
url={https://rasa.com/docs/rasa/stories/},
month={Abril},
year={2022}
}

@online{Domain_Documentation,
title={Domain},
url={https://rasa.com/docs/rasa/domain/},
month={Abril},
year={2022}
}

@online{Stories_Documentation,
title={Stories},
url={https://rasa.com/docs/rasa/stories/},
month={Abril},
year={2022}
}

@online{Rules_Documentation,
title={Rules},
url={https://rasa.com/docs/rasa/rules/},
month={Abril},
year={2022}
}

@online{Configuration_Documentation,
title={Configuration},
url={https://rasa.com/docs/rasa/model-configuration/},
month={Julio},
year={2022}
}

@online{NLU_Documentation,
title={NLU Training Data},
url={https://rasa.com/docs/rasa/nlu-training-data},
month={Abril},
year={2022}
}

@online{Credentials_Documentation,
title={Connecting to Messaging and Voice Channels},
url={https://rasa.com/docs/rasa/messaging-and-voice-channels},
month={Julio},
year={2022}
}

@online{Oracle,
title={¿Qué es la Inteligencia Artificial?},
url={https://www.oracle.com/mx/artificial-intelligence/what-is-ai},
month={Abril},
year={2022}
}
@book{ConversationalAIwithRasa,
  title={Conversational AI with Rasa: Build, test, and deploy AI-powered, enterprise-grade virtual assistants and chatbots},
  author={Kong, X. and Wang, G. and Nichol, A.},
  isbn={9781801073882},
  url={https://books.google.com.py/books?id=3KQ\_EAAAQBAJ},
  year={2021},
  publisher={Packt Publishing}
}

@online{UnexpecTED,
title={Policies | UnexpecTED Intent Policy},
url={https://rasa.com/docs/rasa/policies/#unexpected-intent-policy},
month={October},
year={2022}
}

@online{MemoizationPolicy,
title={Policies | Memoization Policy},
url={https://rasa.com/docs/rasa/policies/#memoization-policy},
month={October},
year={2022}
}

https://rasa.com/docs/rasa/components/#responseselector
@online{ResponseSelector,
title={Selectors},
url={https://rasa.com/docs/rasa/components/#responseselector},
month={October},
year={2022}
}

@online{AugmentedMemoizationPolicy,
title={Policies | Augmented Memoization Policy},
url={https://rasa.com/docs/rasa/policies/#augmented-memoization-policy},
month={October},
year={2022}
}

@online{Fallback,
title={Fallback},
url={https://rasa.com/docs/rasa/fallback-handoff/},
month={October},
year={2022}
}

%%%o bajar desde internet el formato bibtex

@book{ogata,
  title={Ingenier{\'\i}a de control moderna},
  author={Ogata, K.},
  publisher={Pearson Educaci{\'o}n - México},
  edition={Third},
  year={2003},
  series={Pearson educaci{\'o}n},
  url={http://books.google.com.py/books?id=QK148EPC\_m0C},
  isbn={9788420536781}
}

%%%-----Ejemplo de artículo-----%%%%%%%%

@article{nombreArticulo,
title={Titulo del artículo},
author={ApellidoAutorUno, N. U.  and ApellidoDos, N. D. and ApellidoTres, N. T.},
journal={Nombre de la revista},
year={Año de publicacion},
month={Mes},
volume={4}, 
number={1},
pages={26-64}
}

%%%----Ejemplo de pagina de internet---%%%%

@online{NombrePagina,
title={Nombre de la pagina},
url={www.dedondesalio.com},
month={Mes},
year={Año}
}


}

%Ejemplo de cita TFG de la fiuna
@tfg{TFG1,
  title={Análisis y evaluación de algoritmos de control digital basado en sistemas operativos RTOS, aplicados a un motor DC},
  author={Toledo, Sergio},
  school={Facultad de Ingeniería - UNA},
  year={2011},
  publisher={FIUNA}
}


@misc{ibm_2003, title={IBM Archives: 701 Translator}, url={https://www.ibm.com/ibm/history/exhibits/701/701_translator.html}, journal={www.ibm.com}, author={IBM}, year={2003}, month={Jan} }
 
 @misc{hancox, title={SEM1A5 - Part 1 - a Brief History of NLP}, url={https://www.cs.bham.ac.uk/~pjh/sem1a5/pt1/pt1_history.html}, journal={www.cs.bham.ac.uk}, author={Hancox, Peter} }
 
 @book{sowmya_practical_npl, title={Practical natural language processing : a comprehensive guide to building real-world NLP sysems}, ISBN={9781492054054}, publisher={O’reilly Media}, author={Sowmya Vajjala and Bodhisattwa Majumder and Anuj Gupta and Harshit Surana}, year={2020}, month={Jul} }
 
  @misc{warmerdam_2022, title={Intents & Entities: Understanding the Rasa NLU Pipeline}, url={https://rasa.com/blog/intents-entities-understanding-the-rasa-nlu-pipeline/}, journal={Rasa}, author={Warmerdam, Vincent}, year={2022}, month={Mar} }
